@Misc{mit6828,
howpublished = {\url{https://pdos.csail.mit.edu/6.828/2017/}},
note = {Accessed December 25, 2017},
title = {6.828 / Fall 2017},
author = {Massachusetts Institute of Technology}
}
@Misc{xv6-doc,
howpublished = {\url{https://pdos.csail.mit.edu/6.828/2017/xv6/book-rev10.pdf}},
note = {Accessed December 25, 2017},
title = {Documentation of xv6},
author = {Massachusetts Institute of Technology}
}
@Misc{xv6-github,
howpublished = {\url{https://github.com/mit-pdos/xv6-public}},
note = {Accessed December 25, 2017},
title = {mit-pdos/xv6-public: xv6 OS},
author = {Massachusetts Institute of Technology}
}