@Misc{berkeley,
howpublished = {\url{http://ai.berkeley.edu/search.html}},
note = {Accessed December 25, 2017},
title = {Berkeley AI Materials},
author = {UC Berkeley}
}
@book{AI,
  title={人工智能原理及其应用},
  isbn={9787505353053},
  series={高等学校教材},
  url={https://books.google.com/books?id=dJHMAAAACAAJ},
  year={2000},
  publisher={电子工业出版社}
}
