@article{spiegler1985storage,
  title={Storage and retrieval considerations of binary data bases},
  author={Spiegler, Israel and Maayan, Rafi},
  journal={Information processing \& management},
  volume={21},
  number={3},
  pages={233--254},
  year={1985},
  publisher={Elsevier}
}